<collection xmlns="http://www.loc.gov/MARC21/slim">
<record>
  <leader>01683nam0a2200253 i 450 </leader>
  <controlfield tag="001">IT\ICCU\CNCE\012753</controlfield>
  <controlfield tag="005">20040224000000.0</controlfield>
  <datafield tag="012" ind1=" " ind2=" ">
    <subfield code="a">t.s. itit o.i. i.i. (3) 156. (Q)</subfield>
    <subfield code="2">fei</subfield>
  </datafield>
  <datafield tag="100" ind1=" " ind2=" ">
    <subfield code="a">19970101f15601569    0itac0103    ba</subfield>
  </datafield>
  <datafield tag="101" ind1=" " ind2=" ">
    <subfield code="a">LAT</subfield>
  </datafield>
  <datafield tag="102" ind1=" " ind2=" ">
    <subfield code="a">IT</subfield>
  </datafield>
  <datafield tag="200" ind1="1" ind2=" ">
    <subfield code="a">Pisani Collegii. Diuino nomine implorato. Quoniam circa controuersiam dignitatis, quae exorta est inter illustrissimos Cosmum Medicem Florentiae Senarumque ducem ex parte vna, &amp; Alphonsum II Estensem Ferrariae, Mutinae, &amp; Regii ducem ex altera, vter alteri praeferre debeat: complura pro eodem illustrissimo Flor. &amp; Sen. duce deducta fuisse audiuimus, scimusque causam agitari coram summo pontifice eiusque sacro consistorio, in quo sunt viri cum omni doctrina exculti, tum iuris scientia praestantes; idcircoe multis, quae a clariss. Collegii nostri doctoribus copiose &amp; accurate dicta fuerunt, ea tantum, quae vrgentiora sunt, seligentes, quam breuissime fieri poterit, consultationem hanc absoluemus</subfield>
  </datafield>
  <datafield tag="210" ind1=" " ind2=" ">
    <subfield code="d">\156.!</subfield>
  </datafield>
  <datafield tag="215" ind1=" " ind2=" ">
    <subfield code="a">13, \3! p.</subfield>
    <subfield code="d">fol</subfield>
  </datafield>
  <datafield tag="300" ind1=" " ind2=" ">
    <subfield code="a">Parere sulla questione della precedenza fra il duca di Ferrara e il duca di Firenze. - Stampato presumibilmente a Firenze</subfield>
  </datafield>
  <datafield tag="620" ind1=" " ind2=" ">
    <subfield code="a">IT</subfield>
    <subfield code="d">Firenze</subfield>
  </datafield>
  <datafield tag="710" ind1="0" ind2="2">
    <subfield code="a">Collegio dei giureconsulti</subfield>
    <subfield code="c"> &lt;Pisa&gt;</subfield>
    <subfield code="3">IT\ICCU\CNCT\003372</subfield>
  </datafield>
  <datafield tag="712" ind1="0" ind2="2">
    <subfield code="a">s.n.</subfield>
    <subfield code="3">IT\ICCU\CNCT\000002</subfield>
    <subfield code="4">650</subfield>
  </datafield>
  <datafield tag="791" ind1="0" ind2="2">
    <subfield code="a">Collegium Pisanum</subfield>
    <subfield code="3">8318</subfield>
    <subfield code="z">Collegio dei giureconsulti &lt;Pisa&gt;</subfield>
  </datafield>
  <datafield tag="801" ind1=" " ind2="3">
    <subfield code="a">IT</subfield>
    <subfield code="b">ICCU</subfield>
    <subfield code="c">20201114</subfield>
  </datafield>
  <datafield tag="899" ind1=" " ind2=" ">
    <subfield code="a">Biblioteca Apostolica Vaticana. Citt ̉del Vaticano</subfield>
    <subfield code="1">EX0001</subfield>
    <subfield code="2">ZCV 01</subfield>
  </datafield>
  <datafield tag="899" ind1=" " ind2=" ">
    <subfield code="a">Biblioteca Riccardiana. Firenze</subfield>
    <subfield code="1">FI0094</subfield>
    <subfield code="2">CFI RF</subfield>
  </datafield>
  <datafield tag="899" ind1=" " ind2=" ">
    <subfield code="a">Biblioteca nazionale centrale. Firenze</subfield>
    <subfield code="1">FI0098</subfield>
    <subfield code="2">CFI CF</subfield>
  </datafield>
  <datafield tag="899" ind1=" " ind2=" ">
    <subfield code="a">Biblioteca Moreniana. Firenze</subfield>
    <subfield code="1">FI0099</subfield>
    <subfield code="2">RT1 BP</subfield>
  </datafield>
</record>
</collection>
